@article{oldexp,
    author = {Dodds,S. A. },
    title = {An optical diffraction experiment for the advanced laboratory},
    journal = {American Journal of Physics},
    volume = {58},
    number = {7},
    pages = {663-668},
    year = {1990},
    doi = {10.1119/1.16429},
    
    URL = { 
            https://doi.org/10.1119/1.16429
        
    },
    eprint = { 
            https://doi.org/10.1119/1.16429
        
    }
}

@book{hecht2002optics,
  title={Optics},
  author={Hecht, E.},
  isbn={9780805385663},
  lccn={20010325},
  series={Pearson education},
  url={https://books.google.com/books?id=7aG6QgAACAAJ},
  year={2002},
  publisher={Addison-Wesley}
}
